@manual{url-fragment,
  author    = {T. Berners-Lee and R. Fielding and L. Masinter},
  title     = {{RFC 3986: Uniform resource identifier (URI): Generic syntax}},
  organization={Internet Engineering Task Force},
  year      = {2005},
}

@inproceedings{up-sso,
    title = {{UP-SSO: Enhancing the user privacy of SSO by integrating PPID and SGX}},
    author = {C. Guo and F. Lang and Q. Wang and J. Lin},
    booktitle = {International Conference on Advanced Computing and Endogenous Security (ICACES)},
    year = {2021}}

@inproceedings{websso-csf,
  author    = {D. Fett and
               R. K{\"{u}}sters and
               G. Schmitz},
    title = {{The Web SSO standard OpenID Connect: In-depth formal security analysis and security guidelines}},
    booktitle = {30th IEEE Computer Security Foundations Symposium (CSF)},
    year = {2017},
    pages = {189-202}}


@inproceedings{sok-oprf,
    author = {S. Casacuberta and J. Hesse and A. Lehmann},
    title = {{SoK: Oblivious pseudorandom functions}},
    booktitle = {7th IEEE European Symposium on Security and Privacy (EuroS\&P)},
    year = {2022}}

@misc{uppresso-arxiv,
    author = {C. Guo and J. Lin and Q. Cai and W. Wang and F. Li and Q. Wang and J. Jing and B. Zhao},
    title = {{UPPRESSO: Untraceable and unlinkable privacy-preserving single sign-on services}},
    howpublished = {\url{https://arxiv.org/abs/2110.10396}},
    year = {2022}}

@inproceedings{ARPSSO,
    author = {J. He and L. Lei and Y. Wang and P. Wang and J. Jing},
    title = {{ARPSSO: An OIDC-compatible privacy-preserving SSO scheme based on RP anonymization}},
    booktitle = {29th European Symposium on Research in Computer Security (ESORICS)},
    year = {2024}}

@article{ODoH,
    author = {S. Singanamalla and S. Chunhapanya and J. Hoyland and M. Vavrusa and T. Verma and P. Wu and M. Fayed and K. Heimerl and N. Sullivan and C. Wood},
    title = {{Oblivious DNS over HTTPS (ODoH): A practical privacy enhancement to DNS}},
  journal   = {Privacy Enhancing Technologies},
  volume    = {2021},
  number    = {4},
  pages     = {575-592},
  year      = {2021}}

@inproceedings{ZKP-GPU,
    title = {{GZKP: A GPU accelerated zero-knowledge proof system}},
    author = {W. Ma and Q. Xiong and X. Shi and X. Ma and H. Jin and H. Kuang and M. Gao and Y. Zhang and H. Shen and W. Hu},
    booktitle = {28th ACM International Conference on Architectural Support for Programming Languages and Operating Systems (ASPLOS)},
    pages = {340-353},
    year = {2023}}

@inproceedings{POIDC,
    title = {{Privacy-preserving OpenID Connect}},
    author = {S. Hammann and R. Sasse and D. Basin},
    booktitle = {15th ACM Asia Conference on Computer and Communications Security (AsiaCCS)},
    pages={277-289},
    year = {2020}}

@inproceedings{ZKBoo,
    title = {{ZKBoo: Faster zero-knowledge for boolean circuits}},
    author = {I. Giacomelli and J. Madsen and C. Orlandi},
    booktitle = {25rd USENIX Security Symposium},
    pages={1069-1083},
    year = {2016}}

@inproceedings{larch,
    title = {{Accountable authentication with privacy protection: The Larch system for universal login}},
    author = {E. Dauterman and D. Lin and H. Corrigan-Gibbs and D. Mazieres},
    booktitle = {17th USENIX Symposium on Operating Systems Design and Implementation (OSDI)},
    pages = {81-98},
    year = {2023}}

@article{AttriB-SSO,
    author = {T. K. Frederiksen and J. Hesse and B. Poettering and P. Towa},
    title = {{Attribute-based single sign-on: Secure, private, and efficient}},
  journal   = {Privacy Enhancing Technologies},
  volume    = {2023},
  number    = {4},
  pages     = {35-65},
  year      = {2023},
}

@inproceedings{letsauth,
    title = {{Letâ€™s authenticate: Automated certificates for user authentication}},
    author = {J. Conners and C. Devenport and S. Derbidge and N. Farnsworth and K. Gates and S. Lambert and C. McClain and P. Nichols and D. Zappala},
    booktitle = {29th Annual Network and Distributed System Security Symposium (NDSS)},
    year={2022}}


@article{save-flow,
  author    = {M. Kroschewski and A. Lehmann},
  title     = {{Save the implicit flow? Enabling privacy-preserving RP authentication in OpenID Connect}},
  journal   = {Privacy Enhancing Technologies},
  volume    = {2023},
  number    = {4},
  pages     = {96-116},
  year      = {2023},
}

@article{PrivSSO,
    author = {G. Gao and Y. Zhang and Y. Song and S. Li},
    title = {{PrivSSO: Practical single-sign-on authentication against subscription/access pattern leakage}},
    journal   = {IEEE Transactions on Information Forensics and Security},
    volume = {19},
    pages = {5075-5089},
    year = {2024}}

@article{TSAPP,
    author ={Z. Zhang and C. Xu and C. Jiang and K. Chen},
    title = {{TSAPP: Threshold single-sign-on authentication preserving privacy}},
    journal   = {IEEE Transactions on Dependable and Secure Computing},
    volume = {21},
    number={4},
    pages={1515-1527},
    year = {2024}}

@article{DPP-SSO,
    author = {O. Mir and M. Roland and R. Mayrhofer and D. Meghias},
    title = {Decentralized, privacy-preserving, single sign-on},
    journal = {Security and Communication Networks},
  year      = {2022}}

@inproceedings{miso,
  author    = {R. Xu and S. Yang and F. Zhang and Z. Fang},
  title     = {{MISO: Legacy-compatible privacy-preserving single sign-on using trusted execution environments}},
  booktitle = {8th IEEE European Symposium on Security and Privacy (EuroS\&P)},
  year      = {2023}}

@inproceedings{ideal-lattice-oprf,
    title = {{Round-optimal verifiable oblivious pseudorandom functions from ideal lattices}},
    author = {M. Albrecht and A. Davidson and A. Deo and N. Smart},
    booktitle = {24th IACR International Conference on Practice and Theory of Public Key Cryptography (PKC)},
    year = {2021},
    pages = {261-289}}

@inproceedings{isogency-oprf,
    title = {{Oblivious pseudorandom functions from isogenies}},
    author = {D. Boneh and D. Kogan and K. Woo},
    booktitle = {AsiaCrypt},
    year = {2020}}
    pages = {520-550}
    booktitle = {26th International Conference on the Theory and Application of Cryptology and Information Security (AsiaCrypt)},

@inproceedings{oprf-deduplication,
    title = {{Oblivious PRF on committed vector inputs and application to deduplication of encrypted data}},
    author = {J. Camenisch and A. de Caro and E. Ghosh and A. Sorniotti},
    booktitle = {23rd International Conference on Financial Cryptography and Data Security (FC)},
    year = {2019},
    pages = {337-356}}


@inproceedings{o-kms,
    title = {{Updatable oblivious key management for storage systems}},
    author = {S. Jarecki and H. Krawczyk and J. Resch},
    booktitle = {26th ACM Conference on Computer and Communications Security (CCS)},
    year = {2019},
    pages = {379-393}}

@inproceedings{Private-Contact-Discovery,
    title = {Mobile private contact discovery at scale},
    author = {D. Kales and C. Rechberger and T. Schneider and M. Senker and C. Weinert},
    booktitle = {28th USENIX Security Symposium},
    year = {2019}}
    pages={1447-1464}


@inproceedings{pp-ss,
    title = {{Password-protected secret sharing}},
    author = {A. Bagherzandi and S. Jarecki and Y. Lu and N. Saxena},
    booktitle = {18th ACM Conference on Computer and Communications Security (CCS)},
    year = {2011},
    pages = {433-444}}



@inproceedings{oprf-ot-si,
    title = {{Efficient oblivious pseudorandom function with applications to adaptive OT and secure computation of set intersection}},
    author = {S. Jarecki and X. Liu},
    booktitle = {6th Theory of Cryptography Conference (TCC)},
    pages = {577-594},
    year = {2009}}

@inproceedings{pesto,
    author = {M. Freedman and Y. Ishai and B. Pinkas and O. Reingold},
    title = {{PESTO: Proactively secure distributed single sign-on, or how to trust a hacked server}},
    booktitle = {5th IEEE European Symposium on Security and Privacy (EuroS\&P)},
    year = {2020}}
    pages = {587-606},


@article{oprf-proved,
    author = {M. Naor and O. Reingold},
    title = {{Number-theoretic constructions of efficient pseudo-random functions}},
    journal = {Journal of the ACM},
  volume    = {51},
  number    = {2},
  pages     = {231-262},
  year      = {2004}}

@inproceedings{strong-oprf,
    author = {M. Freedman and Y. Ishai and B. Pinkas and O. Reingold},
    title = {{Keyword search and oblivious pseudorandom functions}},
    booktitle = {2nd Theory of Cryptography Conference (TCC)},
    year = {2005}}
    pages = {303-324},


@inproceedings{voprf-proved,
    author = {S. Jarecki and A. Kiayias and H. Krawczyk},
    title = {{Round-optimal password-protected secret sharing and T-PAKE in the password-only model}},
    booktitle = {AsiaCrypt},
    year = {2014}}
pages = {233-253},


@inproceedings{oprf-bitcoin-wallet,
    author = {S. Jarecki and A. Kiayias and H. Krawczyk and J. Xu},
    title = {{Highly-efficient and composable password-protected secret sharing (or: How to protect your Bitcoin wallet online)}},
    booktitle = {1st IEEE European Symposium on Security and Privacy (EuroS\&P)},
    pages = {276-291},
    year = {2016}}

@misc{ZKP-BINF,
    author = {B. Diamond and J. Posen},
    title = {Succinct Arguments over Towers of Binary Fields},
    howpublished = {\url{https://eprint.iacr.org/2023/1784}},
    year = {2024}}

@misc{FedCM,
    author = {{Federated Identity Community Group}},
    title = {{Federated credential management API}},
    howpublished = {\url{https://fedidcg.github.io/FedCM/}},
    note = {Accessed January 22, 2023}
}

@inproceedings{blind-sign,
    author = {D. Chaum},
    title = {Blind Signatures for Untraceable Payments},
    booktitle = {CRYPTO},
    pages = {199-203},
    year = {1982}}

@inproceedings{ss-rsa,
    author = {A. Buldas and A. Kalu and P. Laud and M. Oruaas},
    title = {{Server-supported RSA signatures for mobile devices}},
    booktitle = {22nd European Symposium on Research in Computer Security (ESORICS)},
    year = {2017}}


@inproceedings{mRSA,
    author = {D. Boneh and X. Ding and G. Tsudik and C.-M. Wong},
    title = {A method for fast revocation of public key certificates and security capabilities},
    booktitle = {10th USENIX Security Symposium},
    year = {2001}
}

@inproceedings{crypto-book,
    author = {J. Maheswaran and D. Wolinsky and B. Ford},
    title = {Crypto-Book: An architecture for privacy preserving online identities},
    booktitle = {12th ACM Workshop on Hot Topics in Networks (HotNets)},
    year = {2013}}


@inproceedings{zklaim,
    author = {M. Schanzenbach and T. Kilian and J. Schutte and C. Banse},
    title = {{ZKlaims: Privacy-preserving attribute-based credentials using non-interactive zero-knowledge techniques}},
    booktitle = {16th International Joint Conference on e-Business and Telecommunications (ICETE), Vol 2: SECRYPT},
    year = {2019}}

@article{privacypass,
    author = {A. Davidson and I. Goldberg and N. Sullivan and G. Tankersley and F. Valsorda},
    title = {{PrivacyPass: Bypassing Internet challenges anonymously}},
  journal   = {Privacy Enhancing Technologies},
  volume    = {2018},
  number    = {3},
  pages     = {164-180},
  year      = {2018}}

@article{tandem,
    author = {W. Lueks and B. Hampiholi and G. Alpar and C. Troncoso},
    title = {{Tandem: Securing keys by using a central server while preserving privacy}},
  journal   = {Privacy Enhancing Technologies},
  volume    = {2020},
  number    = {3},
  pages     = {327-355},
  year      = {2020}}


@inproceedings{anon-credential-2001,
    title={An efficient system for non-transferable anonymous credentials with optional anonymity revocation},
    author={Camenisch, J. and Lysyanskaya, A.},
    booktitle={EUROCRYPT},
    year={2001}}
    pages={93-118},


@inproceedings{Opaak,
    author = {G. Maganis and E. Shi and H. Chen and D. Song},
    title = {{Opaak: Using mobile phones to limit anonymous identities online}},
    BOOKTITLE = {10th International Conference on Mobile Systems, Applications, and Services (MobiSys)},
    YEAR = {2012}}

@inproceedings{uprove-conference,
    title = {Efficient {U-Prove} Implementation for Anonymous Credentials on Smart Cards},
    author = {W. Mostowski and P. Vullers},
    booktitle = {7th International Conference on Security and Privacy in Communication Networks (SecureComm)},
    year = {2011}}

@manual{uprov,
  title={{U-Prove technology overview v1.1}},
  author={C. Paquin},
  organization={Microsoft Corporation},
  year={2013}
}

@Misc{hyperledge-idemix,
    TITLE = {{MSP implementation with Identity Mixer}},
    author = {Hyperledger Fabric},
    note = {Accessed July 20, 2022},
howpublished = {\url{https://hyperledger-fabric.readthedocs.io/en/release-2.2/idemix.html}}}

@misc{trusttoken,
    title = {{TrustToken API}},
    author = {{Web Incubator CG}},
    note = {Accessed July 20, 2022},
    howpublished = {\url{https://github.com/WICG/trust-token-api}}}

@inproceedings{idemix,
    title = {{Design and implementation of the Idemix anonymous credential system}},
    author = {J. Camenisch and E. Herreweghen},
    booktitle = {9th ACM Conference on Computer and Communications Security (CCS)},
    year = {2002}}

@inproceedings{nextleap,
    author = {H. Halpin},
    title = {{NEXTLEAP: Decentralizing identity with privacy for secure messaging}},
    booktitle = {12th International Conference on Availability, Reliability and Security (ARES)},
    year = {2017}}
@inproceedings{Oblivion,
    author = {M. Simeonovski and F. Bendun and M. R. Asghar and M. Backes and N. Marnau and P. Druschel},
    title = {{Oblivion: Mitigating privacy leaks by controlling the discoverability of online information}},
    booktitle = {13th International Conference on Applied Cryptography and Network Security (ACNS)},
    year = {2015}}

@inproceedings{prima,
    author = {M. Asghar and M. Backes and M. Simeonovski},
    title = {{PRIMA: Privacy-preserving identity and access management at Internet-scale}},
    booktitle = {52nd IEEE International Conference on Communications (ICC)},
    year = {2018}}

@inproceedings{PseudoID,
    author = {A. Dey and S. Weis},
    title = {{PseudoID: Enhancing privacy for federated login}},
    booktitle = {3rd Hot Topics in Privacy Enhancing Technologies (HotPETs)},
    year = {2010}}


@inproceedings{anon-credential,
    author = {M. Chase and S. Meiklejohn and G. Zaverucha},
    title = {{Algebraic MACs and keyed-verification anonymous credentials}},
    booktitle = {21st ACM Conference on Computer and Communications Security (CCS)},
    year = {2014}}

@article{maler2008venn,
  author    = {E. Maler and
               D. Reed},
  title     = {{The venn of identity: Options and issues in federated identity management}},
  journal   = {IEEE Security \& Privacy},
  volume    = {6},
  number    = {2},
  pages     = {16-23},
  year      = {2008},
}

@inproceedings{BrowserID,
  author    = {D. Fett and
               R. K{\"{u}}sters and
               G. Schmitz},
  title     = {{Analyzing the BrowserID SSO system with primary identity providers
               using an expressive model of the Web}},
  booktitle = {20th European Symposium on Research in Computer Security (ESORICS)},
  year      = {2015}}
  pages     = {43-65},

@inproceedings{ChenPCTKT14,
  author    = {E. Chen and
               Y. Pei and
               S. Chen and
               Y. Tian and
               R. Kotcher and
               P. Tague},
  title     = {{OAuth demystified for mobile application developers}},
  booktitle = {21st ACM Conference on Computer and
               Communications Security (CCS)},
  pages     = {892-903},
  year      = {2014},
}


@inproceedings{FettKS16,
  author    = {D. Fett and
               R. K{\"{u}}sters and
               G. Schmitz},
  title     = {A Comprehensive Formal Security Analysis of {OAuth} 2.0},
  booktitle = {23rd ACM Conference on Computer and Communications Security (CCS)},
  pages     = {1204-1215},
  year      = {2016},
}


@inproceedings{HanCSTW18,
  author    = {J. Han and
               L. Chen and
               S. Schneider and
               H. Treharne and
               S. Wesemeyer},
  title     = {Anonymous Single-Sign-On for $n$ Designated Services with Traceability},
  booktitle = {23rd European Symposium on Research in Computer
               Security (ESORICS)},
  year      = {2018}}
  pages     = {470-490},


@inproceedings{SPRESSO,
  author    = {D. Fett and
               R. K{\"{u}}sters and
               G. Schmitz},
  title     = {{SPRESSO: A secure, privacy-respecting single sign-on system for the Web}},
  booktitle = {22nd ACM Conference on Computer and Communications Security (CCS)},
  pages     = {1358-1369},
  year      = {2015},
}


@inproceedings{WangCW12,
  author    = {R. Wang and
               S. Chen and
               X. Wang},
  title     = {Signing Me onto Your Accounts through {Facebook} and {Google}: {A} Traffic-Guided
               Security Study of Commercially Deployed Single-Sign-On Web Services},
  booktitle = {33rd {IEEE} Symposium on Security and Privacy (S{\&}P)},
  pages     = {365-379},
  year      = {2012},
}


@inproceedings{ZhouE14,
  author    = {Y. Zhou and
               D. Evans},
  title     = {{SSOScan}: {Automated} Testing of Web Applications for Single Sign-On Vulnerabilities},
  booktitle = {23rd {USENIX} Security Symposium},
  year      = {2014}}
pages     = {495-510},

@inproceedings{WangZLG16,
  author    = {H. Wang and
               Y. Zhang and
               J. Li and
               D. Gu},
  title     = {The Achilles heel of {OAuth}: {A} multi-platform study of {OAuth-based} authentication},
  booktitle = {32nd Annual Computer Security Applications Conference {(ACSAC)}},
  pages     = {167-176},
  year      = {2016},
}


@inproceedings{HanMSY10,
  author    = {Jinguang Han and
               Yi Mu and
               Willy Susilo and
               Jun Yan},
  title     = {A Generic Construction of Dynamic Single Sign-on with Strong Security},
  booktitle = {6th Iternational {ICST} Conference Security and Privacy in Communication Networks (SecureComm), Singapore.},
  pages     = {181-198},
  year      = {2010},
}

@manual{OpenIDConnect,
  title={{OpenID Connect core 1.0 incorporating errata set 1}},
  author={Sakimura, N. and Bradley, J. and Jones, M. and de Medeiros, B. and Mortimore, C.},
  organization={The OpenID Foundation},
  year={2014}
}

@manual{rfc6819,
  author    = {Torsten Lodderstedt and
               Mark Mcgloin and
               Phil Hunt},
  title     = {RFC 6819: OAuth 2.0 Threat Model and Security Considerations},
  organization={Internet Engineering Task Force},
  year      = {2013},
}


@Misc{Facebook,
howpublished = {\url{https://developers.facebook.com/docs/facebook-login/manually-build-a-login-flow/}},
title = {Manually build a login flow},
note = {Accessed August 20, 2019}
}

@manual{rfc7519,
  author    = {Michael B. Jones and
               John Bradley and
               Nat Sakimura},
  title     = {RFC 7519: {JSON} Web Token {(JWT)}},
  organization={Internet Engineering Task Force},
  year      = {2015},
}

@misc{uber,
    title={{OIDC Web SDK}},
    note={Accessed April 10, 2025},
    author={{Uber Developers}},
    howpublished={\url{https://developer.uber.com/docs/consumer-identity/oidc/web}}}

@misc{GoogleIdIntegrate,
    howpublished={\url{https://developers.google.com/identity/gsi/web/guides/integrate/}},
title = {{Google Identity: Integration considerations}},
note = {Accessed January 13, 2025},
author = {{Google for Developers}}}

@manual{DynamicRegistration,
  title={{OpenID Connect Dynamic Client Registration 1.0 incorporating errata set 1}},
  author={Sakimura, N. and Bradley, J. and Jones, M.},
  organization={The OpenID Foundation},
  year={2014}
}

@misc{sri,
    author = {{World Wide Web Consortium (W3C)}},
    title = {Subresource Integrity},
    howpublished = {\url{http://www.w3.org/TR/2016/REC-SRI-20160623/}},
    note = {Accessed April 10, 2025}}


@misc{sop,
    AUTHOR = {{W3C Web Security}},
    title = {Same Origin Policy},
    howpublished = {\url{https://www.w3.org/Security/wiki/Same_Origin_Policy}},
}


@misc{sessionStorageHtml,
    author = {{The WHATWG Community}},
    title = {{HTML} living standard: 12 Web storage},
    howpublished = {\url{https://html.spec.whatwg.org/multipage/webstorage.html}},
}

@misc{postm-targeto,
    author = {{The WHATWG Community}},
    title = {{HTML} living standard: 9.3 Cross-document messaging},
    howpublished = {\url{https://html.spec.whatwg.org/multipage/web-messaging.html}},
}

@article{DiffieH76,
  author    = {Whitfield Diffie and
               Martin E. Hellman},
  title     = {New directions in cryptography},
  journal   = {{IEEE} Trans. Information Theory},
  volume    = {22},
  number    = {6},
  pages     = {644-654},
  year      = {1976},
}

@manual{rfc3526,
  author    = {Tero Kivinen and
               Mika Kojo},
  title     = {RFC 3526: More Modular Exponential {(MODP)} Diffie-Hellman groups for Internet
               Key Exchange {(IKE)}},
  organization={Internet Engineering Task Force},
  year      = {2003},
}





@inproceedings{FettKS14,
  author    = {D. Fett and
               R. K{\"{u}}sters and
               G. Schmitz},
  title     = {An Expressive Model for the Web Infrastructure: {Definition} and Application
               to the {BrowserID} {SSO} System},
  booktitle = {35th {IEEE} Symposium on Security and Privacy (S{\&}P)},
  year      = {2014}}
  pages     = {673-688},
  


@article{NIST,
  author    = {Garcia Michael E Fenton James L Grassi, Paul A},
  title     = {Digital Identity Guidelines},
  journal   = {{NIST 800-63-3}},
  year      = {2017},
  url       = {https://www.nist.gov/publications/digital-identity-guidelines}
}

%security
@inproceedings{YangLLZH16,
  author    = {R. Yang and
               G. Li and
               W. C. Lau and
               K. Zhang and
               P. Hu},
  title     = {Model-based Security Testing: {An} Empirical Study on {OAuth} 2.0 Implementations},
  booktitle = {11th {ACM} Asia Conference on Computer and Communications
               Security (AsiaCCS)},
  pages     = {651-662},
  year      = {2016}
}

%mobile
@inproceedings{WangZLLYLG15,
  author    = {H. Wang and
               Y. Zhang and
               J. Li and
               H. Liu and
               W. Yang and
               B. Li and
               D. Gu},
  title     = {Vulnerability Assessment of {OAuth} Implementations in {Android} Applications},
  booktitle = {31st Annual Computer Security Applications Conference (ACSAC)},
  year      = {2015},
}   pages     = {61-70},


%security
@inproceedings{SomorovskyMSKJ12,
  author    = {J. Somorovsky and
               A. Mayer and
               J. Schwenk and
               M. Kampmann and
               M. Jensen},
  title     = {On Breaking {SAML:} {Be} Whoever You Want to Be},
  booktitle = {21th {USENIX} Security Symposium},
  year      = {2012},
}    pages     = {397-412},


@Misc{persona,
howpublished = {\url{https://developer.mozilla.org/en-US/docs/Archive/Mozilla/Persona}},
title = {{Mozilla Persona}},
note = {Accessed August 20, 2019},
author = {Mozilla Developer Network (MDN)}
}


@manual{SAML,
  title={{Profiles for the OASIS security assertion markup language (SAML) v2.0}},
  author={Hughes, J. and Cantor, S. and Hodges, J. and Hirsch, F. and Mishra, P. and Philpott, R. and Maler, E.},
  organization={OASIS},
  year={2005}
}

@manual{SAMLIdentifier,
  title={{SAML V2.0 subject identifier attributes profile version 1.0}},
  author={T. Hardjono and S. Cantor},
  organization={OASIS},
  year={2018}
}

@inproceedings{anti_phishing,
  title={An Anti-Phishing mechanism for single sign-on based on {QR}-code},
  author={Mukhopadhyay, Syamantak and Argles, David},
  booktitle={International Conference on Information Society (i-{Society} 2011)},
  pages={505-508},
}

@inproceedings{devil_phishing,
  title={The devil is phishing: {Rethinking} web single sign-on systems security},
  author={Yue, Chuan},
  booktitle={Presented as part of the 6th $\{$USENIX$\}$ Workshop on Large-Scale Exploits and Emergent Threats},
  year={2013}
}

@inproceedings{mechanism_phishing,
  author    = {Jae{-}Hwe You and
               Moon{-}Seog Jun},
  title     = {A Mechanism to Prevent {RP} Phishing in OpenID System},
  booktitle = {9th {IEEE/ACIS} International Conference on Computer and Information
               Science, {IEEE/ACIS} {ICIS}},
  pages     = {876-880},
  year      = {2010},
  url       = {https://doi.org/10.1109/ICIS.2010.63},
  doi       = {10.1109/ICIS.2010.63},
  timestamp = {Thu, 25 May 2017 00:43:48 +0200},
  biburl    = {https://dblp.org/rec/bib/conf/ACISicis/YouJ10},
  bibsource = {dblp computer science bibliography, https://dblp.org}
}

@manual{NIST2017draft,
  title={{SP 800-63C: Digital identity guidelines: Federation and assertions}},
  author={P. Grassi and E. Nadeau and J. Richer and S. Squire and J. Fenton and N. Lefkovitz and J. Danker and Y.-Y. Choong and K. Greene and M. Theofanos},
  organization={National Institute of Standards and Technology (NIST)},
  year={2017}
}


@inproceedings{FettKS17,
  author    = {D. Fett and
               R. K{\"{u}}sters and
               G. Schmitz},
  title     = {{The Web SSO standard OpenID Connect: In-depth formal security analysis
               and security guidelines}},
  booktitle = {30th IEEE Computer Security Foundations Symposium (CSF)},
  year      = {2017}}
  pages     = {189-202},


@article{rfc6750,
  author    = {Michael B. Jones and
               Dick Hardt},
  title     = {RFC 6750: The OAuth 2.0 Authorization Framework: {Bearer} Token Usage},
  organization={Internet Engineering Task Force},
  year      = {2012},
}




@Misc{facebooknews,
howpublished = {\url{https://www.theguardian.com/news/2018/mar/17/cambridge-analytica-facebook-influence-us-election}},
note = {Accessed July 20, 2019},
title = {Revealed: 50 million Facebook profiles harvested for Cambridge Analytica in major data breach},
author = {Carole Cadwalladr and Emma Graham-Harrison}
}

@Misc{googlenews,
howpublished = {\url{https://www.eff.org/deeplinks/2019/02/google- screenwise- unwise- trade/-all-your- privacy- cash}},
note = {Accessed July 20, 2019},
title = {Google Screenwise: {An} Unwise Trade of All Your Privacy for Cash},
author = {Sydney Li and Jason Kelley}
}

@Misc{Onavo,
howpublished = {\url{https://www.eff.org/deeplinks/2019/01/what-we-should-learn-facebook-research}},
note = {Accessed July 20, 2019},
title = {What We Should Learn From ``Facebook Research''},
author = {Bennett Cyphers AND Jason Kelley}
}

@Misc{Alexa,
howpublished = {\url{https://www.alexa.com/topsites}},
note = {Accessed July 30, 2019},
title = {The top 500 sites on the web},
}

@inproceedings{DNS,
  author    = {Hannes Federrath and
               Karl{-}Peter Fuchs and
               Dominik Herrmann and
               Christopher Piosecny},
  title     = {Privacy-Preserving {DNS:} {Analysis} of Broadcast, Range Queries and
               Mix-Based Protection Methods},
  booktitle = {16th European Symposium on Research
               in Computer Security {(ESORICS)}},
  pages     = {665-683},
  year      = {2011},
}




@misc{gilbert2013formal,
  title={Formal Analysis of BrowserID/Mozilla Persona},
  author={Gilbert, Connor and Upatising, Laza},
  year={2013}
}

@article{Shoup,
  title={Searching for primitive roots in finite fields},
  author={Shoup, Victor},
  journal={Mathematics of Computation},
  volume={58},
  number={197},
  pages={369-380},
  year={1992}
}

@inproceedings{WXWM,
  author    = {Taher El Gamal},
  title     = {A Public Key Cryptosystem and a Signature Scheme Based on Discrete
               Logarithms},
  booktitle = {Proceedings of 4th International Cryptology Conference (CRYPTO)},
  pages     = {10-18},
  year      = {1984},
}


@incollection{Wang,
  title={On the least primitive root of a prime},
  author={Wang Yuan},
  booktitle={Selected Papers Of Wang Yuan},
  pages={109-122},
  year={2005},
}


@article{barkerecommendation,
  title={Recommendation for key management part 1: General (revision 4)},
  author={Barker, Elaine},
  journal={NIST special publication},
  volume={800},
  number={57},
  pages={1-160},
  year={2016}
}

@Misc{MITREid,
author = {J. Richer},
howpublished = {\url{http://mitreid-connect.github.io/index.html}},
title = {{MITREid Connect v1.3.3}},
note = {Accessed August 20, 2021}
}

@Misc{spressome,
howpublished = {\url{https://spresso.me/}},
title = {{SPRESSO}},
note = {Accessed August 20, 2019}
}

@Misc{jsrsasign,
author = {K. Urushima},
howpublished = {\url{https://kjur.github.io/jsrsasign/}},
title = {{jsrsasign (RSA-Sign JavaScript Library)}},
note = {Accessed August 20, 2019}
}



@Misc{OIDF,
howpublished = {\url{https://openid.net/certification/}},
title = {OpenID Foundation},
note = {Accessed August 20, 2019}
}

@inproceedings{Kerberos,
  author    = {Jennifer G. Steiner and
               B. Clifford Neuman and
               Jeffrey I. Schiller},
  title     = {Kerberos: {An} Authentication Service for Open Network Systems},
  booktitle = {{USENIX} Winter Conference},
  pages     = {191-202},
  year      = {1988},
}

@article{aubry2004esup,
  title={{ESUP}-Portail: {Open} source single sign-on with {CAS} (central authentication service)},
  author={Aubry, Pascal and Mathieu, Vincent and Marchal, Julien},
  journal={Proceedings of EUNIS04-IT Innovation in a Changing World},
  pages={172-178},
  year={2004}
}


%security ok
@inproceedings{GhasemisharifRC18,
  author    = {M. Ghasemisharif and
               A. Ramesh and
               S. Checkoway and
               C. Kanich and
               J. Polakis},
  title     = {O Single Sign-Off, Where Art Thou? {An} Empirical Analysis of Single
               Sign-On Account Hijacking and Session Management on the Web},
  booktitle = {27th {USENIX} Security Symposium},
  pages     = {1475-1492},
  year      = {2018},
}

%security ok
@inproceedings{MainkaMS16,
  author    = {C. Mainka and
               V. Mladenov and
               J. Schwenk},
  title     = {Do Not Trust Me: {Using} Malicious {IdPs} for Analyzing and Attacking
               Single Sign-on},
  booktitle = {1st {IEEE} European Symposium on Security and Privacy (EuroS{\&}P)},
  pages     = {321-336},
  year      = {2016},
}

%security ok
@inproceedings{MainkaMSW17,
  author    = {C. Mainka and
               V. Mladenov and
               J. Schwenk and
               T. Wich},
  title     = {{SoK: Single sign-on security - An evaluation of OpenID Connect}},
  booktitle = {2nd {IEEE} European Symposium on Security and Privacy (EuroS{\&}P)},
  pages     = {251-266},
  year      = {2017},
}

%security ok
@inproceedings{YangLCZ18,
  author    = {R. Yang and
               W. C. Lau and
               J. Chen and
               K. Zhang},
  title     = {Vetting Single Sign-On {SDK} Implementations via Symbolic Reasoning},
  booktitle = {27th {USENIX} Security Symposium},
  year      = {2018},
}
  pages     = {1459-1474},



%security ok
@inproceedings{CaoSBKVC14,
  author    = {Y. Cao and
               Y. Shoshitaishvili and
               K. Borgolte and
               C. Kr{\"{u}}gel and
               G. Vigna and
               Y. Chen},
  title     = {Protecting Web-Based Single Sign-on Protocols against Relying Party
               Impersonation Attacks through a Dedicated Bi-directional Authenticated
               Secure Channel},
  booktitle = {17th International
               Symposium on Research in Attacks, Intrusions and Defenses (RAID)},
  year      = {2014},
}    pages     = {276-298},


@article{ArmandoCCCPS13,
  author    = {A. Armando and
               R. Carbone and
               L. Compagna and
               J. Cu{\'{e}}llar and
               G. Pellegrino and
               A. Sorniotti},
  title     = {An authentication flaw in browser-based single sign-on protocols:
               Impact and remediations},
  journal   = {Computers {\&} Security},
  volume    = {33},
  pages     = {41-58},
  year      = {2013}
}

@inproceedings{ShiWL19,
  author    = {S. Shi and
               X. Wang and
               W. C. Lau},
  title     = {{MoSSOT}: {An} Automated Blackbox Tester for Single Sign-On Vulnerabilities
               in Mobile Applications},
  booktitle = {14th {ACM} Asia Conference on Computer and Communications
               Security (AsiaCCS)},
  pages     = {269-282},
  year      = {2019},
}

@inproceedings{YangLS17,
  author    = {R. Yang and
               W. C. Lau and
               S. Shi},
  title     = {{Breaking and fixing mobile App authentication with OAuth 2.0-based
               protocols}},
  booktitle = {15th International Conference on Applied Cryptography and Network Security (ACNS)},
  year      = {2017},
}    pages     = {313-335},



@inproceedings{YeBWD15,
  author    = {Quanqi Ye and
               Guangdong Bai and
               Kailong Wang and
               Jin Song Dong},
  title     = {Formal Analysis of a Single Sign-On Protocol Implementation for {Android}},
  booktitle = {20th International Conference on Engineering of Complex Computer Systems (ICECCS)},
  pages     = {90-99},
  year      = {2015},
}

@inproceedings{ArmandoCCCT08,
  author    = {A. Armando and
               R. Carbone and
               L. Compagna and
               J. Cu{\'{e}}llar and
               L. Tobarra},
  title     = {{Formal analysis of SAML 2.0 web browser single sign-on: Breaking
               the SAML-based single sign-on for Google Apps}},
  booktitle = {6th {ACM} Workshop on Formal Methods in Security
               Engineering (FMSE)},
  year      = {2008},
}    pages     = {1-10},


@Misc{FirefoxAccount,
howpublished = {\url{https://mozilla.github.io/application-services/docs/accounts/welcome.html}},
note = {Accessed August 20, 2019},
title = {{About Firefox Accounts}},
author = {Firefox Application Services}
}

@article{ElmuftiWRR08,
  author    = {K. Elmufti and
               D. Weerasinghe and
               M. Rajarajan and
               V. Rakocevic},
  title     = {Anonymous authentication for mobile Single Sign-On to protect user
               privacy},
  journal   = {International Journal of Mobile Communications},
  volume    = {6},
  number    = {6},
  pages     = {760-769},
  year      = {2008}
}

@inproceedings{WangWS13,
  author    = {J. Wang and
               G. Wang and
               W. Susilo},
  title     = {Anonymous Single Sign-On Schemes Transformed from Group Signatures},
  booktitle = {5th International Conference on Intelligent Networking and Collaborative
               Systems (INCoS)},
  year      = {2013}}
  pages     = {560-567},


@article{Lee18,
  author    = {T.-F. Lee},
  title     = {Provably Secure Anonymous Single-Sign-On Authentication Mechanisms
               Using Extended {Chebyshev Chaotic Maps} for Distributed Computer Networks},
  journal   = {{IEEE} Systems Journal},
  volume    = {12},
  number    = {2},
  pages     = {1499-1505},
  year      = {2018},
}


@Misc{Shibboleth,
howpublished = {\url{https://www.shibboleth.net}},
note = {Accessed July 30, 2019},
title = {The Shibboleth project},
}

@manual{rfc6962,
  author    = {Ben Laurie and
               Adam Langley and
               Emilia K{\"{a}}sper},
  title     = {RFC 6962: Certificate Transparency},
  organization={Internet Engineering Task Force},
  year      = {2013},
}


@inproceedings{ExplicatingSDK,
  author    = {R. Wang and
               Y. Zhou and
               S. Chen and
               S. Qadeer and
               D. Evans and
               Y. Gurevich},
  title     = {Explicating {SDK}s: Uncovering Assumptions Underlying Secure Authentication
               and Authorization},
  booktitle = {22th {USENIX} Security Symposium},
  year      = {2013},
}
  pages     = {399-314},

@inproceedings{WangZWYH16,
  author    = {Ding Wang and
               Zijian Zhang and
               Ping Wang and
               Jeff Yan and
               Xinyi Huang},
  title     = {Targeted Online Password Guessing: An Underestimated Threat},
  booktitle = {23rd {ACM} {SIGSAC} Conference on Computer and
               Communications Security (CCS)},
  pages     = {1242-1254},
  year      = {2016},
}

@article{ClarkHM01,
  author    = {David Clark and
               Sebastian Hunt and
               Pasquale Malacaria},
  title     = {Quantitative Analysis of the Leakage of Confidential Data},
  journal   = {Electronic Notes in Theoretical Computer Science},
  volume    = {59},
  number    = {3},
  pages     = {238-251},
  year      = {2001},
  url       = {https://doi.org/10.1016/S1571-0661(04)00290-7},
  doi       = {10.1016/S1571-0661(04)00290-7},
  timestamp = {Sun, 28 May 2017 13:20:09 +0200},
  biburl    = {https://dblp.org/rec/journals/tcs/ClarkHM01.bib},
  bibsource = {dblp computer science bibliography, https://dblp.org}
}

@article{SunCL12,
  author    = {Hung{-}Min Sun and
               Yao{-}Hsin Chen and
               Yue{-}Hsun Lin},
  title     = {{oPass}: {A} User Authentication Protocol Resistant to Password Stealing
               and Password Reuse Attacks},
  journal   = {{IEEE} Transactions on Information Forensics and Security (TIFS)},
  volume    = {7},
  number    = {2},
  pages     = {651-663},
  year      = {2012},
  url       = {https://doi.org/10.1109/TIFS.2011.2169958},
  doi       = {10.1109/TIFS.2011.2169958},
  timestamp = {Sun, 28 May 2017 13:17:24 +0200},
  biburl    = {https://dblp.org/rec/journals/tifs/SunCL12.bib},
  bibsource = {dblp computer science bibliography, https://dblp.org}
}


@article{gallagher2013digital,
  title={Digital signature standard (DSS)},
  author={Gallagher, Patrick},
  journal={Federal Information Processing Standards Publications, volume FIPS},
  pages={186-4},
  year={2013}
}


@article{zeller2008cross,
  title={Cross-site request forgeries: Exploitation and prevention},
  author={Zeller, William and Felten, Edward W},
  journal={The New York Times},
  pages={1-13},
  year={2008}
}

@Misc{wachter2017counterfactual,
howpublished = {\url{https://gdpr-info.eu/}},
note = {Accessed February 20, 2020},
title = {General Data Protection Regulation},
}

@inproceedings{DBLPconfacsacLuoHDWY11,
  author    = {Tongbo Luo and
               Hao Hao and
               Wenliang Du and
               Yifei Wang and
               Heng Yin},
  title     = {Attacks on {WebView} in the {Android} system},
  booktitle = {27th Annual Computer Security Applications Conference {(ACSAC)}},
  pages     = {343-352},
  year      = {2011},
  url       = {https://doi.org/10.1145/2076732.2076781},
  doi       = {10.1145/2076732.2076781},
  timestamp = {Tue, 06 Nov 2018 16:59:24 +0100},
  biburl    = {https://dblp.org/rec/conf/acsac/LuoHDWY11.bib},
  bibsource = {dblp computer science bibliography, https://dblp.org}
}

@Misc{chromeExtension,
howpublished = {\url{https://developer.chrome.com/extensions/declare_permissions}},
title = {{Declare Permissions}},
author = {Google}
}

@inproceedings{de2010practical,
  author    = {Emiliano De Cristofaro and
               Gene Tsudik},
  title     = {Practical Private Set Intersection Protocols with Linear Complexity},
  booktitle = {14th International Conference on Financial Cryptography and Data Security (FC)},
  pages     = {143-159},
  year      = {2010},
  url       = {https://doi.org/10.1007/978-3-642-14577-3\_13},
  doi       = {10.1007/978-3-642-14577-3\_13},
  timestamp = {Tue, 14 May 2019 10:00:38 +0200},
  biburl    = {https://dblp.org/rec/conf/fc/CristofaroT10.bib},
  bibsource = {dblp computer science bibliography, https://dblp.org}
}

@inproceedings{agrawal2003information,
  author    = {Rakesh Agrawal and
               Alexandre V. Evfimievski and
               Ramakrishnan Srikant},
  title     = {Information Sharing Across Private Databases},
  booktitle = {30th {ACM} International Conference on
               Management of Data (SIGMOD)},
  pages     = {86-97},
  year      = {2003},
  url       = {https://doi.org/10.1145/872757.872771},
  doi       = {10.1145/872757.872771},
  timestamp = {Tue, 06 Nov 2018 11:07:39 +0100},
  biburl    = {https://dblp.org/rec/conf/sigmod/AgrawalES03.bib},
  bibsource = {dblp computer science bibliography, https://dblp.org}
}

@inproceedings{psiCCS2019,
  author    = {Phi Hung Le and
               Samuel Ranellucci and
               S. Dov Gordon},
  title     = {Two-party Private Set Intersection with an Untrusted Third Party},
  booktitle = {26th {ACM} {SIGSAC} Conference on Computer and
               Communications Security {(CCS)}},
  pages     = {2403-2420},
  year      = {2019},
  url       = {https://doi.org/10.1145/3319535.3345661},
  doi       = {10.1145/3319535.3345661},
  timestamp = {Fri, 08 Nov 2019 12:58:49 +0100},
  biburl    = {https://dblp.org/rec/conf/ccs/LeRG19.bib},
  bibsource = {dblp computer science bibliography, https://dblp.org}
}

@inproceedings{psicrypto19-1,
  author    = {Satrajit Ghosh and
               Mark Simkin},
  title     = {The Communication Complexity of Threshold Private Set Intersection},
  booktitle = {39th Annual International Cryptology Conference (CRYPTO)},
  pages     = {3-29},
  year      = {2019},
  url       = {https://doi.org/10.1007/978-3-030-26951-7\_1},
  doi       = {10.1007/978-3-030-26951-7\_1},
  timestamp = {Mon, 26 Aug 2019 16:56:00 +0200},
  biburl    = {https://dblp.org/rec/conf/crypto/GhoshS19.bib},
  bibsource = {dblp computer science bibliography, https://dblp.org}
}

@inproceedings{psicrypto19-2,
  author    = {Benny Pinkas and
               Mike Rosulek and
               Ni Trieu and
               Avishay Yanai},
  title     = {SpOT-Light: Lightweight Private Set Intersection from Sparse {OT} Extension},
  booktitle = {39th Annual International Cryptology Conference (CRYPTO)},
  pages     = {401-431},
  year      = {2019},
  url       = {https://doi.org/10.1007/978-3-030-26954-8\_13},
  doi       = {10.1007/978-3-030-26954-8\_13},
  timestamp = {Fri, 09 Aug 2019 14:36:06 +0200},
  biburl    = {https://dblp.org/rec/conf/crypto/PinkasRTY19.bib},
  bibsource = {dblp computer science bibliography, https://dblp.org}
}

@inproceedings{psieurocrypt19,
  title={An algebraic approach to maliciously secure private set intersection},
  author={Ghosh, Satrajit and Nilges, Tobias},
  booktitle={EUROCRYPT},
  pages={154-185},
  year={2019},
  organization={Springer}
}

@inproceedings{psiccs17-1,
  author    = {Hao Chen and
               Kim Laine and
               Peter Rindal},
  title     = {Fast Private Set Intersection from Homomorphic Encryption},
  booktitle = {24th {ACM} {SIGSAC} Conference on Computer and
               Communications Security (CCS)},
  pages     = {1243-1255},
  year      = {2017},
  url       = {https://doi.org/10.1145/3133956.3134061},
  doi       = {10.1145/3133956.3134061},
  timestamp = {Thu, 28 Mar 2019 13:16:58 +0100},
  biburl    = {https://dblp.org/rec/conf/ccs/ChenLR17.bib},
  bibsource = {dblp computer science bibliography, https://dblp.org}
}
@inproceedings{psiccs17-2,
  author    = {Vladimir Kolesnikov and
               Naor Matania and
               Benny Pinkas and
               Mike Rosulek and
               Ni Trieu},
  title     = {Practical Multi-party Private Set Intersection from Symmetric-Key
               Techniques},
  booktitle = {24th {ACM} {SIGSAC} Conference on Computer and
               Communications Security (CCS)},
  pages     = {1257-1272},
  year      = {2017},
  url       = {https://doi.org/10.1145/3133956.3134065},
  doi       = {10.1145/3133956.3134065},
  timestamp = {Tue, 06 Nov 2018 11:07:31 +0100},
  biburl    = {https://dblp.org/rec/conf/ccs/KolesnikovMPRT17.bib},
  bibsource = {dblp computer science bibliography, https://dblp.org}
}
@inproceedings{ccs17-3,
  author    = {Peter Rindal and
               Mike Rosulek},
  title     = {Malicious-Secure Private Set Intersection via Dual Execution},
  booktitle = {24th {ACM} {SIGSAC} Conference on Computer and
               Communications Security (CCS)},
  pages     = {1229-1242},
  year      = {2017}
}
@inproceedings{psieurocrypt17,
title={Improved private set intersection against malicious adversaries},
  author={Rindal, Peter and Rosulek, Mike},
  booktitle={EUROCRYPT},
  pages={235-259},
  year={2017},
  organization={Springer}
}

@inproceedings{psiccs16,
  author    = {Vladimir Kolesnikov and
               Ranjit Kumaresan and
               Mike Rosulek and
               Ni Trieu},
  title     = {Efficient Batched Oblivious {PRF} with Applications to Private Set
               Intersection},
  booktitle = {23rd {ACM} {SIGSAC} Conference on Computer and
               Communications Security (CCS)},
  pages     = {818-829},
  year      = {2016},
}

@inproceedings{psiUSENIX15,
  author    = {Benny Pinkas and
               Thomas Schneider and
               Gil Segev and
               Michael Zohner},
  title     = {Phasing: Private Set Intersection Using Permutation-based Hashing},
  booktitle = {24th {USENIX} Security Symposium, {USENIX} Security},
  pages     = {515-530},
  year      = {2015},
}
@inproceedings{psiUSENIX14,
  author    = {Benny Pinkas and
               Thomas Schneider and
               Michael Zohner},
  title     = {Faster Private Set Intersection Based on {OT} Extension},
  booktitle = {23rd {USENIX} Security Symposium},
  pages     = {797-812},
  year      = {2014},
}
@inproceedings{psiccs13,
  author    = {Changyu Dong and
               Liqun Chen and
               Zikai Wen},
  title     = {When private set intersection meets big data: an efficient and scalable
               protocol},
  booktitle = {20th {ACM} {SIGSAC} Conference on Computer and Communications Security (CCS)},
  pages     = {789-800},
  year      = {2013},
}
@inproceedings{psindss12,
  author    = {Yan Huang and
               David Evans and
               Jonathan Katz},
  title     = {Private Set Intersection: Are Garbled Circuits Better than Custom
               Protocols?},
  booktitle = {19th Annual Network and Distributed System Security Symposium (NDSS)},
  year      = {2012},
}
@inproceedings{psiasiacrypt10,
  author    = {Emiliano De Cristofaro and
               Jihye Kim and
               Gene Tsudik},
  title     = {Linear-Complexity Private Set Intersection Protocols Secure in Malicious
               Model},
  booktitle = {16th International Conference
               on the Theory and Application of Cryptology and Information Security (ASIACRYPT)},
  pages     = {213-231},
  year      = {2010},
  url       = {https://doi.org/10.1007/978-3-642-17373-8\_13},
  doi       = {10.1007/978-3-642-17373-8\_13},
  timestamp = {Tue, 14 May 2019 10:00:40 +0200},
  biburl    = {https://dblp.org/rec/conf/asiacrypt/CristofaroKT10.bib},
  bibsource = {dblp computer science bibliography, https://dblp.org}
}

@inproceedings{MohsenS16,
  author    = {Fadi Mohsen and
               Mohamed Shehab},
  title     = {Hardening the {OAuth-WebView} Implementations in {Android} Applications
               by Re-Factoring the {Chromium} Library},
  booktitle = {2nd {IEEE} International Conference on Collaboration and Internet
               Computing (CIC)},
  pages     = {196-205},
  year      = {2016},
}

@article{DiscoveringJCS,
  author    = {C. Bansal and
               K. Bhargavan and
               A. Delignat-Lavaud and
               S. Maffeis},
  title     = {Discovering concrete attacks on website authorization by formal analysis},
  journal   = {Journal of Computer Security},
  volume    = {22},
  number    = {4},
  pages     = {601-657},
  year      = {2014}
}

@inproceedings{TowardsShehabM14,
  author    = {M. Shehab and
               F. Mohsen},
  title     = {Towards Enhancing the Security of {OAuth} Implementations in Smart Phones},
  booktitle = {3rd {IEEE} International Conference on Mobile Services (MS)},
  pages     = {39-46},
  year      = {2014},
}


@inproceedings{ccsSunB12,
  author    = {S.{-}T. Sun and
               K. Beznosov},
  title     = {{The devil is in the (implementation) details: An empirical analysis
               of OAuth SSO systems}},
  booktitle = {19th ACM Conference on Computer and Communications Security (CCS)},
  pages     = {378-390},
  year      = {2012},
}

@inproceedings{dimvaLiM16,
  author    = {W. Li and
               C. Mitchell},
  title     = {Analysing the security of {Google's} implementation of {OpenID} {Connect}},
  booktitle = {13th International Conference on Detection of Intrusions and Malware {\&} Vulnerability Assessment (DIMVA)},
  year      = {2016}}
  pages     = {357-376},


@inproceedings{GoldwasserK16,
  author    = {S. Goldwasser and
               Y. Tauman Kalai},
  title     = {Cryptographic Assumptions: {A} Position Paper},
  booktitle = {13th International Conference on Theory of Cryptography (TCC)},
  volume    = {9562},
  pages     = {505-522},
  year      = {2016},
}

@Misc{MS,
howpublished = {\url{https://docs.microsoft.com/en-us/windows-server/identity/ad-fs/technical-reference/the-role-of-claims}},
title = {The Role of Claims},
note = {Accessed August 20, 2020}
}

@Misc{Oracle,
howpublished = {\url{https://docs.oracle.com/cd/E40329_01/admin.1112/e27239/oif_1.htm}},
title = {Introducing Identity Federation in Oracle Access Management},
note = {Accessed August 20, 2020}
}

@Misc{Nordic,
howpublished = {\url{https://nordicapis.com/build-gdpr-compliant-apis-with-openid-connect/}},
title = {Build GDPR Compliant APIs with OpenID Connect},
note = {Accessed August 20, 2020}
}

@Misc{Curity,
howpublished = {\url{https://curity.io/resources/architect/openid-connect/ppid-intro/}},
title = {Pairwise Pseudonymous Identifiers},
note = {Accessed August 20, 2020}
}



@manual{de2014oauth,
  title={{OAuth 2.0 multiple response type encoding practices}},
  author={de Medeiros, B. and Scurtescu, M. and Tarjan, P. and Jones, M.},
  organization={The OpenID Foundation},
  year={2014}
}

@article{NavasB19,
  author    = {J. Navas and
               M. Beltr{\'{a}}n},
  title     = {{Understanding and mitigating OpenID Connect threats}},
  journal   = {Computer \& Security},
  volume    = {84},
  pages     = {1-16},
  year      = {2019}
}


@article{HanCSTWW20,
  author    = {J. Han and
               L. Chen and
               S. Schneider and
               H. Treharne and
               S. Wesemeyer and
               N. Wilson},
  title     = {Anonymous Single Sign-On With Proxy Re-Verification},
  journal   = {IEEE Transactions on Information Forensics and Security},
  volume    = {15},
  pages     = {223-236},
  year      = {2020}
}

@misc{fidouaf,
  author = {Salah Machani and Rob Philpott and Sampath Srinivas and John Kemp and Jeff Hodges},
  title = {{FIDO} {UAF} Architectural Overview},
  howpublished = {\url{https://fidoalliance.org/specs/fido-uaf-v1.0-ps-20141208/fido-uaf-overview-v1.0-ps-20141208.html}},
  year = 2017,
}

@article{ELPASSO,
  author    = {Z. Zhang and
               M. Kr{\'{o}}l and
               A. Sonnino and
               L. Zhang and
               E. Rivi{\`{e}}re},
  title     = {{EL PASSO: Efficient and lightweight privacy-preserving single sign on}},
  journal   = {Privacy Enhancing Technologies},
  volume    = {2021},
  number    = {2},
  pages     = {70-87},
  year      = {2021},
}

@inproceedings{UnlimitID,
  author    = {M. Isaakidis and
               H. Halpin and
               G. Danezis},
  title     = {{UnlimitID: Privacy-preserving federated identity management using
               algebraic MACs}},
  booktitle = {15th ACM Workshop on Privacy in the Electronic Society (WPES)},
  pages     = {139-142},
  year      = {2016},
}


@manual{referer_policy,
author = {J. Eisinger and E. Stark},
  title = {{W3C candidate recommendation: Referrer policy}},
  organization = {World Wide Web Consortium (W3C)},
  year = 2017,
}

@manual{irtf-cfrg-hash-to-curve-16,
  organization={Internet Engineering Task Force},
        author =	{A. Faz-Hernandez and S. Scott and N. Sullivan and R. Wahby and C. Wood},
	title =		{draft-irtf-cfrg-hash-to-curve-16: Hashing to elliptic curves},
    year = {2022}
}



@manual{rfc6749,
  author    = {D. Hardt},
  title     = {{RFC 6749: The OAuth 2.0 authorization framework}},
  organization={Internet Engineering Task Force},
  year      = {2012},
}


@manual{ohttp-rfc,
  author    = {M. Thomson and C. Wood},
  title     = {{RFC 9458: Oblivious HTTP}},
  organization={Internet Engineering Task Force},
  year      = {2024},
}

@inproceedings{zkp-benchmark,
    title = {{zk-Bench: A toolset for comparative evaluation and performance benchmarking of SNARKs}},
    author = {J. Ernstberger and S. Chaliasos and G. Kadianakis and S. Steinhorst and P. Jovanovic and A. Gervais and B. Livshits and M. Orru},
    booktitle = {14th International Conference on Security and Cryptography for Networks (SCN)},
    YEAR = {2024}}


@inproceedings{chaum1991group,
  title={Group signatures},
  author={D.  Chaum and E. van Heyst},
  booktitle={EUROCRYPT},
  pages={257-265},
  year={1991}
}

@inproceedings{ring-sig,
    title = {Ring signatures: Stronger definitions, and constructions without random oracles},
    author = {A. Bender and J. Katz and R. Morselli},
    pages = {60-79},
    year = {2006},
    booktitle = {3rd Theory of Cryptography Conference (TCC)}}

@inproceedings{tor,
    title = {Tor: The Second-Generation Onion Router},
    author = {R. Dingledine and N. Mathewson  and P. Syverson},
    pages = {303-320},
    year = {2004},
    booktitle = {13th USENIX Security Symposium}}
